<?xml version="1.0" encoding="UTF-8"?><collection xmlns="http://www.loc.gov/MARC21/slim"><record><leader>00365nam--2200133-i-4500</leader><controlfield tag="001">000029829</controlfield><controlfield tag="002">20161230</controlfield><controlfield tag="005">20161230201037</controlfield><controlfield tag="008">060222s1000------------r-----000-0-eng-d</controlfield><datafield ind1=" " ind2=" " tag="080"><subfield code="a">536.48:530.145.6</subfield></datafield><datafield ind1=" " ind2=" " tag="245"><subfield code="a">Low temperature physics-lt 13. vol.1: quantum fluids</subfield></datafield><datafield ind1=" " ind2=" " tag="260"><subfield code="a">New York, Plenum Press, 1974, Xv + 667p</subfield></datafield><datafield ind1=" " ind2=" " tag="700"><subfield code="a">Timmerhaus, K.D.S.A</subfield></datafield><datafield ind1=" " ind2=" " tag="852"><subfield code="a">41916</subfield></datafield></record></collection>